<?xml version="1.0" encoding="UTF-8"?><record xmlns="http://www.loc.gov/MARC21/slim" xmlns:cinclude="http://apache.org/cocoon/include/1.0" xmlns:zs="http://www.loc.gov/zing/srw/">
  <leader>01352cz  a2200241n  4500</leader>
  <controlfield tag="001">nr 94043444 </controlfield>
  <controlfield tag="003">DLC</controlfield>
  <controlfield tag="005">20140801150614.0</controlfield>
  <controlfield tag="008">941220n| azannaabn          |a aaa     c</controlfield>
  <datafield tag="010" ind1=" " ind2=" ">
    <subfield code="a">nr 94043444 </subfield>
  </datafield>
  <datafield tag="035" ind1=" " ind2=" ">
    <subfield code="a">(OCoLC)oca03743543</subfield>
  </datafield>
  <datafield tag="040" ind1=" " ind2=" ">
    <subfield code="a">UPB</subfield>
    <subfield code="b">eng</subfield>
    <subfield code="e">rda</subfield>
    <subfield code="c">UPB</subfield>
    <subfield code="d">InNd</subfield>
    <subfield code="d">DLC</subfield>
  </datafield>
  <datafield tag="046" ind1=" " ind2=" ">
    <subfield code="f">19310601</subfield>
    <subfield code="g">20140730</subfield>
  </datafield>
  <datafield tag="053" ind1=" " ind2="0">
    <subfield code="a">PQ8550.414.O25</subfield>
  </datafield>
  <datafield tag="100" ind1="1" ind2=" ">
    <subfield code="a">Dobles, Isa</subfield>
  </datafield>
  <datafield tag="370" ind1=" " ind2=" ">
    <subfield code="a">Caracas (Venezuela)</subfield>
    <subfield code="b">Caracas (Venezuela)</subfield>
    <subfield code="2">naf</subfield>
  </datafield>
  <datafield tag="374" ind1=" " ind2=" ">
    <subfield code="a">Journalists</subfield>
    <subfield code="2">lcsh</subfield>
  </datafield>
  <datafield tag="375" ind1=" " ind2=" ">
    <subfield code="a">female</subfield>
  </datafield>
  <datafield tag="377" ind1=" " ind2=" ">
    <subfield code="a">spa</subfield>
  </datafield>
  <datafield tag="400" ind1="1" ind2=" ">
    <subfield code="a">Oropeza, Isabel Cecilia</subfield>
  </datafield>
  <datafield tag="670" ind1=" " ind2=" ">
    <subfield code="a">Apuntes que apuntan, c1993:</subfield>
    <subfield code="b">t.p. (Isa Dobles)</subfield>
  </datafield>
  <datafield tag="670" ind1=" " ind2=" ">
    <subfield code="a">Isabel Pastora Medina, 2007:</subfield>
    <subfield code="b">back flap (Isa Dobles;  born 6/1/1931 in Caracas, Venezuela; journalist) front flap (this is her first work of fiction)</subfield>
  </datafield>
  <datafield tag="670" ind1=" " ind2=" ">
    <subfield code="a">El Nacional, viewed Aug. 1, 2014</subfield>
    <subfield code="b">article dated 31 July 2014 (Isa Dobles; La comunicadora falleció ayer en la tarde [30 julio, 2014];  Isabel Cecilia Oropeza era el nombre que aparecía en su cédula de identidad. Nació en 1931 y  fue hija adoptiva del líder sindical y político Alejandro Oropeza Castillo. Inició su carrera profesional a finales de los años sesenta. Mujer de medios, trabajó en radio, televisión, cine y prensa. También escribió varios libros.)</subfield>
    <subfield code="u">http://www.el-nacional.com/escenas/Isa-Dobles-despidio-abrazo-invisible_0_455354664.html</subfield>
  </datafield>
</record>